@article{KOEHLEROTTIGER02,
   author={Jana Koehler and Daniel Ottiger},
   journal={AI Magazine},
   number={3},
   pages={59--78},
   publisher={American Association for Artificial Intelligence (AAAI)},
   title="{An AI-based approach to destination control in elevators}",
   volume={23},
   year={2002},
}

@UNPUBLISHED{SeKo99,
  author = {Bernhard Seckinger and Jana Koehler},
  title = {Online synthesis of elevator controls as a planning problem},
  note = {Em alemão},
  year = {1999}
}

@article{SHARMA12,
   author={Ranjeet Sharma},
   journal={Elevator World India},
   number={3},
   pages={18--30},
   publisher={Elevator World, Inc.},
   title={Inteligent transit in modern buildings},
   volume={5},
   year={2012},
}

@MISC{Kylstra14,
   author={Carolyn Kylstra},
   title={10 Things Your Commute Does to Your Body},
   url={http://time.com/9912/10-things-your-commute-does-to-your-body/},
   urlaccessdate={Set. 2015},
   year={2014}
}

@misc{IBM10,
   author={IBM},
   title={Smarter buildings survey},
   url={http://www-03.ibm.com/press/attachments/IBM_Smarter_Buildings_Survey_White_Paper.pdf},
   urlaccessdate={Ago. 2015},
   year={2010}
}

@misc{UN14,
   author="{United Nations}",
   title={World’s population increasingly urban with more than half living in urban areas},
   url={http://www.un.org/en/development/desa/news/population/world-urbanization-prospects-2014.html},
   urlaccessdate={Ago. 2015},
   year={2014}
}

@misc{MCGAR15,
   author={Justin McGar},
   title={Smart elevators and the internet of things},
   url={https://sourceable.net/smart-elevators-and-the-internet-of-things/},
   urlaccessdate={Ago. 2015},
   year={2015}
}

@misc{BLS15,
   author="{Bureau of Labor Statistics}",
   title={Table B-3. average hourly and weekly earnings of all employees on private nonfarm payrolls by industry sector, seasonally adjusted},
   url={http://www.bls.gov/news.release/empsit.t19.htm},
   urlaccessdate={Ago. 2015},
   month={08},
   year={2015}
}

@misc{kuzunuki1984elevator,
  title={Elevator group control system},
  author={Kuzunuki, S. and Hirasawa, K.},
  url={https://www.google.com/patents/US4448286},
  year={1984},
  month=may # "~15",
  publisher={Google Patents},
  note={US Patent 4,448,286}
}

@TECHREPORT{marja97,
   author = {Marja-Liisa Siikonen},
   title = {Elevator Group Control with Artificial Intelligence},
   institution = {Helsinki University of Technology},
   year = {1997}
}

@MISC{WikiSky15,
  title={Skyscraper - Wikipedia, the free encyclopedia},
  author = "{Emporis GMBH}",
  url={https://en.wikipedia.org/wiki/Skyscraper},
  urlaccessdate={Set. 2015},
  month={07},
  year={2015}
}

@MISC{Emporis15,
  title={Emporis Standards | EMPORIS},
  url={http://www.emporis.com/building/standard/},
  urlaccessdate={Set. 2015}
}

@article{DBLP:journals/corr/abs-1212-2499,
  author    = {Daniel Nikovski and
               Matthew Brand},
  title     = {Marginalizing Out Future Passengers in Group Elevator Control},
  journal   = {CoRR},
  volume    = {abs/1212.2499},
  year      = {2012},
  url       = {http://arxiv.org/abs/1212.2499},
  timestamp = {Wed, 02 Jan 2013 09:49:04 +0100},
  biburl    = {http://dblp.uni-trier.de/rec/bib/journals/corr/abs-1212-2499},
  bibsource = {dblp computer science bibliography, http://dblp.org}
}

@MISC{Schindler14,
  title={The PORT Technology},
  url={http://www.schindler.com/sg/internet/en/mobility-solutions/products/transit-management/transit-management.html},
  urlaccessdate={Set. 2015}
}

@ARTICLE{Morckos,
  author = {Michael Morckos and Alaa Khamis},
  title = {Multi-agent Simulator for Reinforcement Learning-based Elevator Dispatching}
}

@book{Woolridge:2001:IMS:559667,
 author = {Woolridge, Michael and Wooldridge, Michael J.},
 title = {Introduction to Multiagent Systems},
 year = {2001},
 isbn = {047149691X},
 publisher = {John Wiley \& Sons, Inc.},
 address = {New York, NY, USA},
}

@book{Russell:2003:AIM:773294,
 author = {Russell, Stuart J. and Norvig, Peter},
 title = {Artificial Intelligence: A Modern Approach},
 year = {1995},
 isbn = {0137903952},
 edition = {1},
 publisher = {Prentice Hall, Inc},
}

% Optional fields: volume/number, series, address, edition, month, note
@BOOK{Law,
  author = {Averill M. Law and W. David Kelton},
  title = {Simulation Modeling and Analysis},
  publisher = {McGraw-Hill Higher Education},
  edition = {3},
  year = {2000}
}

% Optional fields: volume/number, series, address, edition, month, note
@BOOK{Ross,
  author = {Sheldon Ross},
  title = {A First Course in Probability},
  publisher = {Prentice Hall},
  edition = {5},
  year = {1998}
}

% Optional fields: volume/number, series, address, edition, month, note
@BOOK{Banks,
  author = {Jerry Banks, John S. Carson II, Barry L. Nelson and David M. Nicol},
  title = {Discrete-Event System Simulation},
  publisher = {Prentice Hall},
  edition = {4},
  year = {2005}
}

% Optional fields: volume/number, series, address, edition, month, note
@BOOK{Sim,
  author = {Jerry Banks},
  title = {Handbook of Simulation},
  publisher = {John Wiley \& Sons, Inc},
  edition = {1},
  year = {1998}
}

% Optional fields: volume, number, pages, month, note
@ARTICLE{BanksGibson,
  author = {J. Banks and R. R. Gibson},
  title = {Don't Simulate When: 10 rules for determining when simulation is not appropriate},
  journal = {IIE Solutions},
  year = {1997},
  month = {September}
}

@book{Gamma:1995:DPE:186897,
 author = {Gamma, Erich and Helm, Richard and Johnson, Ralph and Vlissides, John},
 title = {Design Patterns: Elements of Reusable Object-oriented Software},
 year = {1995},
 isbn = {0-201-63361-2},
 publisher = {Addison-Wesley Longman Publishing Co., Inc.},
 address = {Boston, MA, USA},
}

% https://www.peters-research.com/index.php/support/articles-and-papers/47-current-technology-and-future-developments-in-elevator-simulation

@article{Friese20061908,
title = "Online-optimization of multi-elevator transport systems with reoptimization algorithms based on set-partitioning models ",
journal = "Discrete Applied Mathematics ",
volume = "154",
number = "13",
pages = "1908 - 1931",
year = "2006",
note = "Traces of the Latin American Conference on Combinatorics, Graphs and ApplicationsA selection of papers from \{LACGA\} 2004, Santiago, Chile ",
issn = "0166-218X",
doi = "http://dx.doi.org/10.1016/j.dam.2006.03.034",
url = "http://www.sciencedirect.com/science/article/pii/S0166218X06001466",
author = "Philipp Friese and Jörg Rambau",
keywords = "Elevator group control",
keywords = "Policy",
keywords = "Reoptimization",
keywords = "Online",
keywords = "Real-time",
keywords = "Simulation "
}

@article{Koehler00elevatorcontrol,
    author = {Jana Koehler and Kilian Schuster},
    title = {Elevator Control as a Planning Problem},
    booktitle = {},
    year = {2000},
    pages = {331--338},
    publisher = {AAAI Press, Menlo Park}
}

@book{Ross:2006:IPM:1197141,
 author = {Ross, Sheldon M.},
 title = {Introduction to Probability Models, Ninth Edition},
 year = {2006},
 isbn = {0125980620},
 publisher = {Academic Press, Inc.},
 address = {Orlando, FL, USA},
}

@misc{seaborn,
  author       = {Michael Waskom},
  title        = {seaborn: v0.7.1 (July 2016)},
  month        = jul,
  year         = 2016,
  url          = {https://web.stanford.edu/~mwaskom/software/seaborn/}
}